<?xml version="1.0" encoding="UTF-8"?><record xmlns="http://www.loc.gov/MARC21/slim" xmlns:cinclude="http://apache.org/cocoon/include/1.0" xmlns:zs="http://www.loc.gov/zing/srw/">
  <leader>00488cz  a2200145n  4500</leader>
  <controlfield tag="001">n 2003130590</controlfield>
  <controlfield tag="003">DLC</controlfield>
  <controlfield tag="005">20090809080702.0</controlfield>
  <controlfield tag="008">031031n| acannaabn          |n aaa      </controlfield>
  <datafield tag="010" ind1=" " ind2=" ">
    <subfield code="a">n 2003130590</subfield>
  </datafield>
  <datafield tag="035" ind1=" " ind2=" ">
    <subfield code="a">(DNLM)794949</subfield>
  </datafield>
  <datafield tag="035" ind1=" " ind2=" ">
    <subfield code="a">(OCoLC)oca06194182</subfield>
  </datafield>
  <datafield tag="040" ind1=" " ind2=" ">
    <subfield code="a">DNLM</subfield>
    <subfield code="b">eng</subfield>
    <subfield code="c">DNLM</subfield>
    <subfield code="d">OCoLC</subfield>
  </datafield>
  <datafield tag="100" ind1="1" ind2=" ">
    <subfield code="a">Olshin, Irving J.</subfield>
  </datafield>
  <datafield tag="670" ind1=" " ind2=" ">
    <subfield code="a">Failure to thrive, 1985:</subfield>
    <subfield code="b">accom. text. mat. (Irving J. Olshin, MD, prof. of pediatrics, Jefferson Medical Coll. of the Thomas Jefferson Univ., Philadelphia)</subfield>
  </datafield>
</record>